<record><leader>00000cas a22000007a 4500</leader><controlfield tag="001">24336255</controlfield><controlfield tag="008">910905d19641967nhu x ne      0    0eng d</controlfield><datafield ind1=" " ind2=" " tag="010"><subfield code="a">sn 91063211 </subfield></datafield><datafield ind1=" " ind2=" " tag="040"><subfield code="a">NVH</subfield><subfield code="b">eng</subfield><subfield code="c">NVH</subfield><subfield code="d">DLC</subfield><subfield code="d">OCL</subfield><subfield code="d">OCLCO</subfield></datafield><datafield ind1=" " ind2=" " tag="019"><subfield code="a">24336226</subfield><subfield code="a">24336241</subfield></datafield><datafield ind1="1" ind2=" " tag="029"><subfield code="a">AU@</subfield><subfield code="b">000025899325</subfield></datafield><datafield ind1=" " ind2=" " tag="042"><subfield code="a">msc</subfield></datafield><datafield ind1="0" ind2="0" tag="245"><subfield code="a">Franklin Pierce arrow.</subfield></datafield><datafield ind1=" " ind2=" " tag="260"><subfield code="a">Rindge, N.H. :</subfield><subfield code="b">[Franklin Pierce College],</subfield></datafield><datafield ind1=" " ind2=" " tag="300"><subfield code="a">v.</subfield></datafield><datafield ind1=" " ind2=" " tag="310"><subfield code="a">Irregular (During the school year)</subfield></datafield><datafield ind1="0" ind2=" " tag="362"><subfield code="a">Vol. 1, no. 1 (Jan. 20, 1964)-v. 4, no. 13 (Sept. 29, 1967).</subfield></datafield><datafield ind1="2" ind2=" " tag="710"><subfield code="a">Franklin Pierce College.</subfield></datafield><datafield ind1=" " ind2=" " tag="752"><subfield code="a">United States</subfield><subfield code="b">New Hampshire</subfield><subfield code="c">Cheshire</subfield><subfield code="d">Rindge.</subfield></datafield><datafield ind1="0" ind2="0" tag="785"><subfield code="t">Pierce arrow (Rindge, N.H.)</subfield><subfield code="w">(DLC)sn 91063214</subfield></datafield></record>